
@article{pangakis,
	title = {Automated Annotation with Generative AI Requires Validation},
	author = {Pangakis, Nicholas and Wolken, Samuel and Fasching, Neil},
	langid = {en}
}

@article{reiss,
	title = {Testing the Reliability of ChatGPT for Text Annotation and Classification: A Cautionary Remark},
	author = {Reiss, Michael V.}
}

@article{kim,
	title = {AI-Augmented Surveys: Leveraging Large Language Models for Opinion Prediction in Nationally Representative Surveys},
	author = {Kim, Junsol and Lee, Byungkyu}
}

@article{dillion2023,
	title = {Can AI language models replace human participants?},
	author = {Dillion, Danica and Tandon, Niket and Gu, Yuling and Gray, Kurt},
	year = {2023},
	month = {07},
	date = {2023-07},
	journal = {Trends in Cognitive Sciences},
	pages = {597--600},
	volume = {27},
	number = {7},
	doi = {10.1016/j.tics.2023.04.008},
	url = {https://linkinghub.elsevier.com/retrieve/pii/S1364661323000980},
	langid = {en}
}

@article{ziems,
	title = {Can Large Language Models Transform Computational Social Science?},
	author = {Ziems, Caleb and Held, William and Shaikh, Omar and Chen, Jiaao and Zhang, Zhehao and Yang, Diyi},
	langid = {en}
}

@article{sahu,
	title = {Data Augmentation for Intent Classification with Off-the-shelf Large Language Models},
	author = {Sahu, Gaurav and Rodriguez, Pau and Laradji, Issam H. and Atighehchian, Parmida and Vazquez, David and Bahdanau, Dzmitry}
}

@article{rathje,
	title = {GPT is an effective tool for multilingual psychological text analysis},
	author = {Rathje, Steve and Mirea, Dan-Mircea and Sucholutsky, Ilia and Marjieh, Raja and Robertson, Claire and Bavel, Jay J. Van},
	doi = {10.31234/osf.io/sekf5},
	langid = {en-us}
}

@article{ding,
	title = {Is GPT-3 a Good Data Annotator?},
	author = {Ding, Bosheng and Qin, Chengwei and Liu, Linlin and Chia, Yew Ken and Joty, Shafiq and Li, Boyang and Bing, Lidong}
}

@article{liu,
	title = {Professor Bryony Hoskins University of Roehampton, London, U.K.},
	author = {Liu, Dr Liyuan},
	pages = {108},
	langid = {en}
}

@article{wang2021,
	title = {Want To Reduce Labeling Cost? GPT-3 Can Help},
	author = {Wang, Shuohang and Liu, Yang and Xu, Yichong and Zhu, Chenguang and Zeng, Michael},
	year = {2021},
	month = {11},
	date = {2021-11},
	journal = {Findings of the Association for Computational Linguistics: EMNLP 2021},
	pages = {4195{\textendash}4205},
	doi = {10.18653/v1/2021.findings-emnlp.354},
	url = {https://aclanthology.org/2021.findings-emnlp.354}
}

@article{gilardi,
	title = {ChatGPT Outperforms Crowd-Workers for Text-Annotation Tasks},
	author = {Gilardi, Fabrizio and Alizadeh, Meysam and Kubli, {MaÃ«l}}
}

@article{he,
	title = {AnnoLLM: Making Large Language Models to Be Better Crowdsourced Annotators},
	author = {He, Xingwei and Lin, Zhenghao and Gong, Yeyun and Jin, A.-Long and Zhang, Hang and Lin, Chen and Jiao, Jian and Yiu, Siu Ming and Duan, Nan and Chen, Weizhu}
}

@article{zhu,
	title = {Can ChatGPT Reproduce Human-Generated Labels? A Study of Social Computing Tasks},
	author = {Zhu, Yiming and Zhang, Peixian and Haq, Ehsan-Ul and Hui, Pan and Tyson, Gareth}
}
